<?xml version="1.0" encoding="UTF-8"?>
<collection xmlns:xsi="http://www.w3.org/2001/XMLSchema-instance" xsi:schemaLocation="http://www.loc.gov/MARC21/slim http://www.loc.gov/standards/marcxml/schema/MARC21slim.xsd" xmlns="http://www.loc.gov/MARC21/slim">
<record>
  <leader>01252cam a2200301M  4500</leader>
  <controlfield tag="001">2957409</controlfield>
  <controlfield tag="003">NNC</controlfield>
  <controlfield tag="005">20130426002440.0</controlfield>
  <controlfield tag="008">800129m19659999iq            000 0cara  </controlfield>
  <datafield tag="010" ind1=" " ind2=" ">
    <subfield code="a">   73205424 </subfield>
  </datafield>
  <datafield tag="035" ind1=" " ind2=" ">
    <subfield code="a">(OCoLC)ocm24830534</subfield>
  </datafield>
  <datafield tag="035" ind1=" " ind2=" ">
    <subfield code="9">ASK2484CU</subfield>
  </datafield>
  <datafield tag="035" ind1=" " ind2=" ">
    <subfield code="a">(NNC)2957409</subfield>
  </datafield>
  <datafield tag="040" ind1=" " ind2=" ">
    <subfield code="a">DLC</subfield>
    <subfield code="c">NYP</subfield>
    <subfield code="d">ZCU</subfield>
  </datafield>
  <datafield tag="090" ind1=" " ind2=" ">
    <subfield code="a">BP70</subfield>
    <subfield code="b">.B272</subfield>
  </datafield>
  <datafield tag="100" ind1="1" ind2=" ">
    <subfield code="a">Baḥr al-ʻUlūm, Muḥammad Mahdī ibn Murtaḍá,</subfield>
    <subfield code="d">1742 or 1743-1797 or 1798.</subfield>
  </datafield>
  <datafield tag="245" ind1="1" ind2="0">
    <subfield code="a">Rijāl al-Sayyid Baḥr al-ʻUlūm</subfield>
    <subfield code="b">"al-maʻrūf bi-al-Fawāʾid al-rijālīyah" /</subfield>
    <subfield code="c">taʾlīf al-Sayyid Muḥammad al-Mahdī Baḥr al-ʻUlūm al-Ṭabāṭabāʾī. Ḥaqqaqahu wa-ʾallaqa ʾalayhi Muḥammad Ṣādiq Baḥr al-ʻUlūm wa-Ḥusayn Baḥr al-ʻUlūm. al-Ṭabʻah 1.</subfield>
  </datafield>
  <datafield tag="260" ind1=" " ind2=" ">
    <subfield code="a">al-Najaf,</subfield>
    <subfield code="b">Maṭbaʻat al-Ādāb,</subfield>
    <subfield code="c">1965-</subfield>
  </datafield>
  <datafield tag="300" ind1=" " ind2=" ">
    <subfield code="a">v.</subfield>
    <subfield code="c">25 cm.</subfield>
  </datafield>
  <datafield tag="500" ind1=" " ind2=" ">
    <subfield code="a">Maktabat al-ʻAlamayn : al-Ṭūsī wa-Baḥr al-ʻUlūm, 5-8.</subfield>
  </datafield>
  <datafield tag="500" ind1=" " ind2=" ">
    <subfield code="a">Includes bibliographies.</subfield>
  </datafield>
  <datafield tag="650" ind1=" " ind2="0">
    <subfield code="a">Muslims</subfield>
    <subfield code="v">Biography.</subfield>
  </datafield>
  <datafield tag="650" ind1=" " ind2="0">
    <subfield code="a">Shiites</subfield>
    <subfield code="v">Biography.</subfield>
  </datafield>
  <datafield tag="650" ind1=" " ind2="0">
    <subfield code="a">Hadith</subfield>
    <subfield code="x">Authorities.</subfield>
  </datafield>
  <datafield tag="700" ind1="1" ind2=" ">
    <subfield code="a">Baḥr al-ʻUlūm, Muḥammad Ṣādiq,</subfield>
    <subfield code="e">editor.</subfield>
  </datafield>
  <datafield tag="700" ind1="1" ind2=" ">
    <subfield code="a">Baḥr al-ʻUlūm, Ḥusayn,</subfield>
    <subfield code="e">editor.</subfield>
  </datafield>
  <datafield tag="740" ind1="3" ind2="1">
    <subfield code="a">al-Fawāʾid al-rijālīyah.</subfield>
  </datafield>
  <datafield tag="955" ind1=" " ind2=" ">
    <subfield code="b">0045342709</subfield>
    <subfield code="d">glx</subfield>
    <subfield code="e">BP70 .B272</subfield>
    <subfield code="v">v.3</subfield>
  </datafield>
</record>
</collection>